@PREAMBLE{ "\providecommand{\coto}{{CO$_2$}} "}
@PREAMBLE{ "\providecommand{\soto}{{SO$_2$}} "}
@PREAMBLE{ "\providecommand{\nto}{{N$_2$}} "}

@ARTICLE{Aasen2017,
  author =	 {A. Aasen and M. Hammer and G. Skaugen and J. P. Jakobsen and
                  {\O}. Wilhelmsen},
  title =	 {{Thermodynamic models to accurately describe the $PVTxy$-behavior of
                  water/carbon dioxide mixtures}},
  journal =	 {Fluid Phase Equilibria},
  year =	 2017,
  volume =	 442,
  pages =	 {125--139},
  doi =		 {10.1016/j.fluid.2017.02.006}
}

@article{Aasen2019,
  title =        {{Equation of state and force fields for
                  Feynman--Hibbs-corrected Mie fluids. I. Application to pure
                  helium, neon, hydrogen, and deuterium}},
  author =       {Aasen, Ailo and Hammer, Morten and Ervik, {\AA}smund and
                  M{\"u}ller, Erich A and Wilhelmsen, {\O}ivind},
  journal =      {J. Chem.\ Phys.},
  volume =       {151},
  number =       {6},
  pages =        {064508},
  year =         {2019},
  doi =          {10.1063/1.5111364}
}

@article{Aasen2020a,
  author =       {Aasen, A. and Hammer, M. and Müller, E. A. and Wilhelmsen,
                  {\O}.},
  title =        {{Equation of state and force fields for
                  Feynman–Hibbs-corrected Mie fluids. II. Application
                  to mixtures of helium, neon, hydrogen, and deuterium}},
  journal =      {J. Chem.\ Phys.},
  volume =       {152},
  pages =        {074507},
  doi =          {10.1063/1.5136079},
  year =         {2020}
}

@article{Aasen2020b,
  author       = {Ailo Aasen and Morten Hammer and Silvia Lasala and
                  Jean-Noël Jaubert and Øivind Wilhelmsen},
  title	       = {Accurate quantum-corrected cubic equations of state
                  for helium, neon, hydrogen, deuterium and their
                  mixtures},
  journal      = {Fluid Phase Equilibria},
  volume       = {524},
  pages	       = {112790},
  year	       = {2020},
  doi	       = {10.1016/j.fluid.2020.112790}
}


@article{Abrams1975,
  author       = {Abrams, Denis S. and Prausnitz, John M.},
  title	       = {Statistical thermodynamics of liquid mixtures: A new
                  expression for the excess Gibbs energy of partly or
                  completely miscible systems},
  journal      = {AIChE Journal},
  volume       = {21},
  number       = {1},
  publisher    = {American Institute of Chemical Engineers},
  issn	       = {1547-5905},
  doi	       = {10.1002/aic.690210115},
  pages	       = {116-128},
  year	       = {1975}
}

@Article{Aursand2017,
  Title =        {The spinodal of single-and multi-component fluids and its role
                  in the development of modern equations of state},
  Author =       {Aursand, Peder and Gjennestad, Magnus {\relax Aa} and Aursand,
                  Eskil and Hammer, Morten and Wilhelmsen, {\O}ivind},
  Journal =      {Fluid Phase Equilibria},
  Year =         {2017},
  Pages =        {98--112},
  Volume =       {436},
  doi =          {10.1016/j.fluid.2016.12.018},
  Publisher =    {Elsevier}
}

@article{Austegard2006,
  title	       = {Thermodynamic models for calculating mutual
                  solubilities in H$_2$O-CO$_2$-CH$_4$ mixtures},
  journal      = {Chem. Eng. Res. Des.},
  volume       = {84},
  number       = {A9},
  pages	       = {781-794},
  year	       = {2006},
  author       = {A. Austegard and E. Solbraa and G. De Koeijer and
                  M. J. M{\o}lnvik}
}

@article{Avlonitis1994,
  author       = {G. Avlonitis and G. Mourikas and S. Stamataki and
                  D. Tassios},
  title	       = {A generalized correlation for the interaction
                  coefficients of nitrogen-hydrocarbon binary
                  mixtures},
  journal      = {Fluid Phase Equilibria},
  volume       = {101},
  pages	       = {53 - 68},
  year	       = {1994},
  doi	       = {10.1016/0378-3812(94)02554-1}
}

@article{Barker1967,
  author       = {J. A. Barker and D. Henderson},
  title	       = {{Perturbation Theory and Equation of State for
                  Fluids. II. A Successful Theory of Liquids}},
  journal      = {J. Chem.\ Phys.},
  volume       = {47},
  number       = {11},
  pages	       = {4714-4721},
  year	       = {1967},
  doi	       = {10.1063/1.1701689}
}

@article{Barker1976,
  title	       = {{What is "liquid"? Understanding the states of
                  matter}},
  author       = {Barker, J. A. and Henderson, D.},
  journal      = {Rev.\ Mod.\ Phys.},
  volume       = {48},
  issue	       = {4},
  pages	       = {587--671},
  year	       = {1976},
  month	       = {Oct},
  publisher    = {American Physical Society},
  doi	       = {10.1103/RevModPhys.48.587}
}

@article{Boublik1970,
  title	       = {Hard-Sphere Equation of State},
  author       = {Boublik, T.},
  journal      = {The Journal of Chemical Physics},
  volume       = {53},
  pages	       = {471-472},
  year	       = {1970}
}

@article{Carnahan1969,
  author       = {Norman F. Carnahan and Kenneth E. Starling},
  title	       = {Equation of State for Nonattracting Rigid Spheres},
  journal      = {J. Comput.\ Phys.},
  volume       = {51},
  number       = {2},
  pages	       = {635-636},
  year	       = {1969},
  doi	       = {10.1063/1.1672048}
}

@article{Castier2009,
  author       = {Marcelo Castier},
  title	       = {Solution of the isochoric-isoenergetic flash problem
                  by direct entropy maximization},
  journal      = {Fluid Phase Equilibria},
  volume       = {276},
  number       = {1},
  pages	       = {7 - 17},
  year	       = {2009}
}

@article{Collinet2006,
  author       = {Eileen Collinet and J{\"u}rgen Gmehling},
  title	       = {Prediction of phase equilibria with strong
                  electrolytes with the help of the volume translated
                  {Peng-Robinson} group contribution equation of state
                  ({VTPR})},
  journal      = {Fluid Phase Equilibria},
  volume       = {246},
  number       = {1-2},
  pages	       = {111 - 118},
  year	       = {2006},
  doi	       = {10.1016/j.fluid.2006.05.033}
}

@book{Dennis1996,
  author       = {J. E. Dennis and R. B. Schnabel},
  title	       = {Numerical Methods for Unconstrained Optimization and
                  Nonlinear Equations},
  publisher    = {SIAM},
  year	       = {1996},
}

@inproceedings{Fike2011,
  title = {The {{Development}} of {{Hyper-Dual Numbers}} for {{Exact Second-Derivative Calculations}}},
  booktitle = {49th {{AIAA Aerosp}}. {{Sci}}. {{Meet}}. {{New Horiz}}. {{Forum Aerosp}}. {{Expo}}.},
  author = {Fike, Jeffrey and Alonso, Juan},
  year = {2011},
  month = jan,
  publisher = {{American Institute of Aeronautics and Astronautics}},
  address = {{Orlando, Florida}},
  doi = {10.2514/6.2011-886},
  urldate = {2022-06-07},
  isbn = {978-1-60086-950-1}
}

@article{Fischer1996,
  author       = {K. Fischer and J. Gmehling},
  title	       = {Further development, status and results of the
                  {PSRK} method for the prediction of vapor-liquid
                  equilibria and gas solubilities},
  journal      = {Fluid Phase Equilibria },
  volume       = {121},
  number       = {1-2},
  pages	       = {185 - 206},
  year	       = {1996},
  doi	       = {http://dx.doi.org/10.1016/0378-3812(95)02792-0}
}

@article{Fredenslund1975,
  author       = {Fredenslund, Aage and Jones, Russell L. and
                  Prausnitz, John M.},
  title	       = {Group-contribution estimation of activity
                  coefficients in nonideal liquid mixtures},
  journal      = {AIChE Journal},
  volume       = {21},
  number       = {6},
  publisher    = {American Institute of Chemical Engineers},
  doi	       = {10.1002/aic.690210607},
  pages	       = {1086-1099},
  year	       = {1975}
}

@ARTICLE{Gelein2011,
  author       = {De Kojer G. and Borch J.H. and Drescher M. and Li
                  H. and Wilhelmsen O. and Jakobsen J.},
  title	       = {\coto transport-Depressurization, heat transfer and
                  imputities},
  journal      = {Energy Procedia},
  year	       = {2011},
  volume       = {4},
  pages	       = {3008-3015}
}

@ARTICLE{Gernert2016,
  title =        {{EOS-CG}: A {H}elmholtz energy mixture model for
                  humid gases and {CCS} mixtures},
  author =       {Gernert, Johannes and Span, Roland},
  journal =      {J. Chem.\ Thermodyn.},
  year =         2016,
  volume =       93,
  pages =        {274-293},
  doi =          {10.1016/j.jct.2015.05.015},
  publisher =    {Elsevier}
}

@TECHREPORT{Giljarhus2010,
  author       = {K. E. T. Giljarhus},
  number       = {D2.1.21005},
  title	       = {Thermodynamic equilibrium calculations -- bridging
                  the gap between thermodynamics and fluid dynamics},
  institution  = {SINTEF Energy},
  year	       = {2010},
  otherinfo    = {}
}

@article{Gmehling1997,
  author       = {J{\"o}rgen Gmehling and Jiding Li and Kai Fischer},
  title	       = {Further development of the {PSRK} model for the
                  prediction of gas solubilities and vapor-liquid
                  -equilibria at low and high pressures {II}},
  journal      = {Fluid Phase Equilibria},
  volume       = {141},
  number       = {1-2},
  pages	       = {113-127},
  year	       = {1997},
  doi	       = {10.1016/S0378-3812(97)00204-5}
}

@TECHREPORT{Hammer2011,
  author       = {M. Hammer and K. E. T. Giljarhus},
  number       = {DA1101},
  title	       = {\coto Dynamics DA1101: Cubic equations of state
                  applied to fluid simulations.},
  institution  = {SINTEF Energy},
  year	       = {2011}
}

@ARTICLE{Hammer2020,
  author =       {Hammer, M. and Aasen, A. and Ervik, {\AA{}} and Wilhelmsen,
                  {\O}.},
  title =        {{Choice of reference, the influence of non-additivity and
                  challenges in thermodynamic perturbation theory for mixtures}},
  journal =      {J. Chem.\ Phys.},
  volume =       152,
  pages =        134106,
  doi =          {10.1063/1.5142771},
  year =         {2020}
}

@article{Hansen1991,
  author       = {Hansen, Henrik K. and Rasmussen, Peter and
                  Fredenslund, Aage and Schiller, Martin and Gmehling,
                  J{\"u}rgen},
  title	       = {Vapor-liquid equilibria by UNIFAC group
                  contribution. 5. Revision and extension},
  journal      = {Industrial \& Engineering Chemistry Research},
  volume       = {30},
  number       = {10},
  pages	       = {2352-2355},
  year	       = {1991},
  doi	       = {10.1021/ie00058a017}
}

@article{Heidemann1980,
  author       = {Heidemann, Robert A. and Khalil, Ahmed M.},
  title	       = {The calculation of critical points},
  journal      = {AIChE Journal},
  volume       = {26},
  number       = {5},
  publisher    = {American Institute of Chemical Engineers},
  doi	       = {10.1002/aic.690260510},
  pages	       = {769-779},
  year	       = {1980}
}

@article{Holderbaum1991,
  author       = {T. Holderbaum and J. Gmehling},
  title	       = {PSRK: A Group Contribution Equation of State Based
                  on {UNIFAC}},
  journal      = {Fluid Phase Equilibria},
  volume       = {70},
  number       = {2-3},
  pages	       = {251 - 265},
  year	       = {1991},
  doi	       = {10.1016/0378-3812(91)85038-V}
}

@article{Horstmann2000,
  author       = {Sven Horstmann and Kai Fischer and J{\"o}rgen
                  Gmehling},
  title	       = {{PSRK} group contribution equation of state:
                  revision and extension {III}},
  journal      = {Fluid Phase Equilibria},
  volume       = {167},
  number       = {2},
  pages	       = {173-186},
  year	       = {2000},
  doi	       = {10.1016/S0378-3812(99)00333-7}
}

@article{Horstmann2005,
  author       = {Sven Horstmann and Anna Jab{\l}oniec and J{\"o}rg
                  Krafczyk and Kai Fischer and J{\"u}rgen Gmehling"},
  title	       = {{PSRK} group contribution equation of state:
                  comprehensive revision and extension IV, including
                  critical constants and $\alpha$-function parameters
                  for 1000 components},
  journal      = {Fluid Phase Equilibria},
  volume       = {227},
  number       = {2},
  pages	       = {157-164},
  year	       = {2005},
  doi	       = {10.1016/j.fluid.2004.11.002}
}

@article{Huron1979,
  title	       = {New mixing rules in simple equations of state for
                  representing vapour-liquid equilibria of strongly
                  non-ideal mixtures},
  journal      = {Fluid Phase Equilibria},
  volume       = {3},
  number       = {4},
  pages	       = {255 - 271},
  year	       = {1979},
  doi	       = {10.1016/0378-3812(79)80001-1},
  author       = {Marie-Jos{\'e} Huron and Jean Vidal}
}

@article{Jaubert2016,
  author       = {Jean-No{\"e}l Jaubert and Romain Privat and Yohann [Le
                  Guennec] and Lucie Coniglio},
  title	       = {Note on the properties altered by application of a
                  P{\'e}neloux–type volume translation to an equation of
                  state},
  journal      = {Fluid Phase Equilibria},
  volume       = {419},
  pages	       = {88 - 95},
  year	       = {2016},
  doi	       = {10.1016/j.fluid.2016.03.012}
}

@article{Jhaveri1988,
  title	       = {Three-Parameter Modification of the Peng-Robinson
                  Equation of State To Improve Volumetric Predictions},
  journal      = {SPE Reservoir Engineering},
  volume       = {8},
  pages	       = {1033 - 1040},
  year	       = {1988},
  author       = {B. S. Jhaveri and G. K. Youngren},
  doi	       = {10.2118/13118-PA}
}

@article{Jindrova2013,
  author =	 {T. Jindrov\'{a} and J. Miky\v{s}ka},
  title =	 {Fast and robust algorithm for calculation of
                  two-phase equilibria at given volume, temperature,
                  and moles},
  journal =	 {Fluid Phase Equilibria},
  volume =	 {353},
  pages =	 {101-114},
  year =	 {2013},
  doi =          {10.1016/j.fluid.2013.05.036}
}

@article{Jindrova2015,
  author =	 {T. Jindrov\'{a} and J. Miky\v{s}ka},
  title =	 {General algorithm for multiphase equilibria
                  calculation at given volume, temperature, and moles},
  journal =	 {Fluid Phase Equilibria},
  volume =	 {393},
  pages =	 {7-25},
  year =	 {2015},
  doi =          {10.1016/j.fluid.2015.02.013}
}

@article{Johnson1993,
  title	       = {The {Lennard-Jones} equation of state revisited},
  author       = {Johnson, J Karl and Zollweg, John A and Gubbins,
                  Keith E},
  journal      = {Molecular Physics},
  volume       = {78},
  number       = {3},
  pages	       = {591--618},
  year	       = {1993}
}

@article{Kalikhman2010,
  author       = {Vladimir Kalikhman and Daniel Kost and Ilya
                  Polishuk},
  title	       = {About the physical validity of attaching the
                  repulsive terms of analytical {EOS} models by
                  temperature dependencies},
  journal      = {Fluid Phase Equilibria},
  volume       = {293},
  number       = {2},
  pages	       = {164 - 167},
  year	       = {2010},
  doi	       = {10.1016/j.fluid.2010.03.003}
}

@article{Kolafa1986,
  author       = {Jiri Kolafa},
  title	       = {{This equation of state first appeared as Eq. 4.46
                  in the review paper by T. Boubl{\'i}k and
                  I. Nezbeda}},
  journal      = {Collect.\ Czech.\ Chem.\ Commun.},
  volume       = {51},
  number       = {11},
  pages	       = {2301-2432},
  year	       = {1986},
  doi	       = {10.1063/1.1701689}
}

@article{Kolafa1994,
  author       = {Ji\u{r}{\'i} Kolafa and Ivo Nezbeda},
  title	       = {The {Lennard-Jones} fluid: an accurate analytic and
                  theoretically-based equation of state },
  journal      = {Fluid Phase Equilibria},
  volume       = {100},
  pages	       = {1-34},
  year	       = {1994},
  doi	       = {10.1016/0378-3812(94)80001-4}
}

@article{Kordas1995,
  author       = {Aris Kordas and Kostis Magoulas and Sofia Stamataki
                  and Dimitrios Tassios},
  title	       = {Methane-hydrocarbon interaction parameters
                  correlation for the {Peng-Robinson} and the {t-mPR}
                  equation of state},
  journal      = {Fluid Phase Equilibria},
  volume       = {112},
  number       = {1},
  pages	       = {33 - 44},
  year	       = {1995},
  doi	       = {10.1016/0378-3812(95)02787-F}
}

@ARTICLE{Kunz2012,
  author =	 {Kunz, O. and Wagner, W.},
  title =	 {The {GERG}-2008 Wide-Range Equation of State for
                  Natural Gases and Other Mixtures: An Expansion of
                  {GERG}-2004},
  year =	 {2012},
  journal =	 {J. Chem.\ Eng.\ Data},
  volume =	 {57},
  number =	 {11},
  pages =	 {3032-3091},
  doi =		 {10.1021/je300655b}
}

@article{Lafitte2013,
  author       = {Thomas Lafitte and Anastasia Apostolakou and Carlos
                  Avenda{\~n}o and Amparo Galindo and Claire S. Adjiman
                  and Erich A. M{\"u}ller and George Jackson},
  title	       = {{Accurate statistical associating fluid theory for
                  chain molecules formed from Mie segments}},
  journal      = {J. Chem.\ Phys.},
  volume       = {139},
  number       = {15},
  pages	       = {154504},
  year	       = {2013},
  doi	       = {10.1063/1.4819786}
}

@article{LeGuennec2016,
  title =        {{Development of the translated-consistent tc-PR and tc-RK cubic
                  equations of state for a safe and accurate prediction of
                  volumetric, energetic and saturation properties of pure
                  compounds in the sub-and super-critical domains}},
  author =       {Le Guennec, Yohann and Privat, Romain and Jaubert,
                  Jean-No{\"e}l},
  journal =      {Fluid Phase Equilibria},
  volume =       {429},
  pages =        {301--312},
  year =         {2016},
  doi =          {10.1016/j.fluid.2016.09.003}
}

@article{Leonard1970,
  author       = {P. J. Leonard and D. Henderson and J. A. Barker},
  title	       = {{Perturbation Theory and Liquid Mixtures}},
  journal      = {Trans.\ Faraday Soc.},
  volume       = {66},
  pages	       = {2439-2452},
  year	       = {1970}
}

@article{Magoulas1990,
  author       = {Kostis Magoulas and Dimitrios Tassios},
  title	       = {Thermophysical properties of n-Alkanes from {C1} to
                  {C20} and their prediction for higher ones},
  journal      = {Fluid Phase Equilibria},
  volume       = {56},
  pages	       = {119 - 140},
  year	       = {1990},
  doi	       = {10.1016/0378-3812(90)85098-U}
}

@article{Mathias1983,
  author       = {Paul M. Mathias and Thomas W. Copeman},
  title	       = {Extension of the Peng-Robinson equation of state to
                  complex mixtures: Evaluation of the various forms of
                  the local composition concept},
  journal      = {Fluid Phase Equilibria},
  volume       = {13},
  pages	       = {91-108},
  year	       = {1983},
  doi	       = {10.1016/0378-3812(83)80084-3}
}

@ARTICLE{Michelsen1982a,
  author       = {Michael L. Michelsen},
  title	       = {{The isothermal flash problem. Part I. Stability}},
  journal      = {Fluid Phase Equilibria},
  volume       = {9},
  number       = {1},
  pages	       = {1-19},
  year	       = {1982},
  doi	       = {10.1016/0378-3812(82)85001-2}
}


@ARTICLE{Michelsen1982b,
  author       = {Michael L. Michelsen},
  title	       = {{The isothermal flash problem. Part II. Phase-split calculation}},
  journal      = {Fluid Phase Equilibria},
  volume       = {9},
  number       = {1},
  pages	       = {21-40},
  year	       = {1982},
  doi	       = {10.1016/0378-3812(82)85002-4}
}

@article{Michelsen1984,
  author       = {Michael L. Michelsen},
  title	       = {Calculation of critical points and phase boundaries
                  in the critical region},
  year	       = {1984},
  journal      = {Fluid Phase Equilibria},
  volume       = {16},
  pages	       = {57 - 76}
}

@article{Michelsen1990,
  title =	 {A modified {H}uron-{V}idal mixing rule for cubic
                  equations of state},
  journal =	 {Fluid Phase Equilibria},
  volume =	 {60},
  number =	 {1},
  pages =	 {213 - 219},
  year =	 {1990},
  doi =		 {10.1016/0378-3812(90)85053-D},
  author =	 {Michael L. Michelsen}
}

@article{Michelsen1999,
  title	       = {State function based flash specifications},
  journal      = {Fluid Phase Equilibria},
  volume       = {158-160},
  pages	       = {617 - 626},
  year	       = {1999},
  author       = {Michael L. Michelsen},
  keywords     = {Method of calculation},
  keywords     = {State function},
  keywords     = {Equation of state},
  keywords     = {Gibbs energy}
}

@book{Michelsen2007,
  author       = {Michael L. Michelsen and J{\o}rgen M. Mollerup},
  title	       = {Thermodynamic models: Fundamentals \& computational
                  aspects},
  publisher    = {Tie-Line Publication},
  year	       = {2007},
  edition      = {second}
}

@article{Mikyska2011,
  author =	 {Miky\v{s}ka, J. and Firoozabadi, A.},
  title =	 {A new thermodynamic function for phase-splitting at
                  constant temperature, moles, and volume.},
  journal =	 {AIChE Journal},
  volume =	 {57},
  pages =	 {1897-1904},
  year =	 {2011},
  doi =          {10.1002/aic.12387}
}

@article{Mikyska2012,
  author =	 {J. Miky\v{s}ka and A. Firoozabadi},
  title =	 {Investigation of mixture stability at given volume,
                  temperature, and number of moles},
  journal =	 {Fluid Phase Equilibria},
  volume =	 {321},
  pages =	 {1-9},
  year =	 {2012},
  doi =          {10.1016/j.fluid.2012.01.026}
}

@PHDTHESIS{Mogensen2014,
  author =	 {B. Maribo-Mogensen},
  title =	 {{Development of an Electrolyte CPA Equation of state for
                  Applications in the Petroleum and Chemical Industries}},
  school =	 {Technical University of Denmark},
  year =	 {2014},
  type =	 {{PhD} thesis},
}

@book{Nocedal1999,
  author       = {J. Nocedal and S. J. Wright},
  title	       = {Numerical optimization},
  publisher    = {Springer Verlag},
  adress       = {New York},
  year	       = {1999},
}

@TECHREPORT{Owren1996,
  author       = {Owren G. and Melaaen I.S.},
  title	       = {Cubic Equation of State},
  institution  = {SINTEF Energy},
  year	       = {1996},
  owner	       = {owil},
  timestamp    = {2012.06.28}
}

@article{Papaioannou2014,
  author       = {Vasileios Papaioannou and Thomas Lafitte and Carlos
                  Avenda{\~n}o and Claire S. Adjiman and George Jackson
                  and Erich A. M{\"u}ller and Amparo Galindo},
  title	       = {{Group contribution methodology based on the
                  statistical associating fluid theory for
                  heteronuclear molecules formed from Mie segments}},
  journal      = {J. Chem.\ Phys.},
  volume       = {140},
  number       = {5},
  pages	       = {054107},
  year	       = {2014},
  doi	       = {10.1063/1.4851455}
}

@article{Paricaud2006,
  author       = {Patrice Paricaud},
  title	       = {{A general perturbation approach for equation of
                  state development: Applications to simple fluids, ab
                  initio potentials, and fullerenes}},
  journal      = {J. Chem.\ Phys.},
  volume       = {124},
  number       = {15},
  pages	       = {154505},
  year	       = {2006},
  doi	       = {10.1063/1.2181979}
}

@article{Peneloux1982,
  title	       = {A consistent correction for
                  {R}edlich-{K}wong-{S}oave volumes},
  journal      = {Fluid Phase Equilibria},
  volume       = {8},
  number       = {1},
  pages	       = {7 - 23},
  year	       = {1982},
  author       = {Andr{\'e} P{\'e}neloux and Evelyne Rauzy and Richard
                  Fr{\'e}ze},
  doi	       = {10.1016/0378-3812(82)80002-2}
}

@article{Pfohl1999,
  author       = {Oliver Pfohl},
  title	       = {Evaluation of an improved volume translation for the
                  prediction of hydrocarbon volumetric properties},
  journal      = {Fluid Phase Equilibria},
  volume       = {163},
  number       = {1},
  pages	       = {157 - 159},
  year	       = {1999},
  doi	       = {10.1016/S0378-3812(99)00199-5}
}

@article {Reid1977,
  author       = {Reid, Robert C. and Beegle, Bruce L.},
  title	       = {Critical point criteria in legendre transform
                  notation},
  journal      = {AIChE Journal},
  volume       = {23},
  number       = {5},
  publisher    = {American Institute of Chemical Engineers},
  doi	       = {10.1002/aic.690230515},
  pages	       = {726--732},
  year	       = {1977}
}

@book{Reid1987,
  title	       = {The properties of gases \& liquids},
  year	       = {1987},
  author       = {Reid, R. C. and Prausnitz, J. M. and Poling, B. E.},
  publisher    = {Mc{G}raw-Hill, Inc.},
  address      = {USA},
  edition      = {4},
  isbn	       = {0-07-051799-1}
}

@article{Rehner2021,
  title	       = {Application of {{Generalized}} ({{Hyper-}}) {{Dual
                  Numbers}} in {{Equation}} of {{State Modeling}}},
  author       = {Rehner, Philipp and Bauer, Gernot},
  year	       = {2021},
  journal      = {Front. Chem. Eng.},
  volume       = {3},
  pages	       = {758090},
  doi	       = {10.3389/fceng.2021.758090},
}

@ARTICLE{Renon1968,
  author       = {Renon, Henri and Prausnitz, J. M.},
  title	       = {Local compositions in thermodynamic excess functions
                  for liquid mixtures},
  journal      = {AIChE Journal},
  volume       = {14},
  number       = {1},
  doi	       = {10.1002/aic.690140124},
  pages	       = {135--144},
  year	       = {1968}
}

@article{Saha1997,
  author       = {Sanjoy Saha and John J. Carroll},
  title	       = {The isoenergetic-isochoric flash},
  journal      = {Fluid Phase Equilibria},
  volume       = {138},
  number       = {1-2},
  pages	       = {23 - 41},
  year	       = {1997}
}

@article{Santos2005,
  author       = {Santos,A.  and L{\'o}pez de Haro,M.  and
                  Yuste,S. B. },
  title	       = {Equation of state of nonadditive d-dimensional
                  hard-sphere mixtures},
  journal      = {The Journal of Chemical Physics},
  volume       = {122},
  number       = {2},
  pages	       = {024514},
  year	       = {2005},
  doi	       = {10.1063/1.1832591}
}

@article{Schmid2014,
  author       = {Schmid, Bastian and Schedemann, Andre and Gmehling,
                  J{\"u}rgen},
  title	       = {Extension of the VTPR Group Contribution Equation of
                  State: Group Interaction Parameters for Additional
                  192 Group Combinations and Typical Results},
  journal      = {Industrial \& Engineering Chemistry Research},
  volume       = {53},
  number       = {8},
  pages	       = {3393-3405},
  year	       = {2014},
  doi	       = {10.1021/ie404118f}
}

@article{Smejkal2017,
  author =	 {T. Smejkal and J. Miky\v{s}ka},
  title =	 {Phase stability testing and phase equilibrium
                  calculation at specified internal energy, volume,
                  and moles},
  journal =	 {Fluid Phase Equilibria},
  volume =	 {431},
  pages =	 {82-96},
  year =	 {2017},
  doi =          {10.1016/j.fluid.2016.09.025}
}

@article{Span1996,
  author       = {Roland Span and Wolfgang Wagner},
  collaboration= {},
  title	       = {A New Equation of State for Carbon Dioxide Covering
                  the Fluid Region from the Triple-Point Temperature
                  to 1100 {K} at Pressures up to 800 {MPa}},
  publisher    = {NIST},
  year	       = {1996},
  journal      = {J. Phys. Chem. Ref. Data},
  volume       = {25},
  number       = {6},
  pages	       = {1509-1596},
}

@article{Thermopack2017,
  author =       {Wilhelmsen, {\O}ivind and Aasen, Ailo and Skaugen, Geir and
                  Aursand, Peder and Austegard, Anders and Aursand, Eskil and
                  Gjennestad, Magnus Aa. and Lund, Halvor and Linga, Gaute and
                  Hammer, Morten},
  title =        {{Thermodynamic Modeling with Equations of State: Present
                  Challenges with Established Methods}},
  journal =      {Ind.\ Eng.\ Chem.\ Res.},
  volume =       {56},
  number =       {13},
  pages =        {3503--3515},
  year =         {2017},
  doi =          {10.1021/acs.iecr.7b00317}
}

@article{Twu1991,
  author       = {Chorng H. Twu and David Bluck and John R. Cunningham
                  and John E. Coon},
  title	       = {A cubic equation of state with a new alpha function
                  and a new mixing rule},
  journal      = {Fluid Phase Equilibria},
  volume       = {69},
  pages	       = {33-50},
  year	       = {1991},
  doi	       = {10.1016/0378-3812(91)90024-2}
}

@article{Twu2001,
  title	       = {Liquid activity coefficient model for
                  {CEOS}/{A$^{E}$} mixing rules},
  journal      = {Fluid Phase Equilibria},
  volume       = {183-184},
  pages	       = {65-74},
  year	       = {2001},
  note	       = {Proceedings of the fourteenth symposium on
                  thermophysical properties},
  doi	       = {10.1016/S0378-3812(01)00421-6},
  author       = {Chorng H. Twu and Wayne D. Sim and Vince Tassone}
}

@article{Voutsas2004,
  author       = {Voutsas, Epaminondas and Magoulas, Kostis and
                  Tassios, Dimitrios},
  title	       = {Universal Mixing Rule for Cubic Equations of State
                  Applicable to Symmetric and Asymmetric Systems:
                  Results with the Peng-Robinson Equation of State},
  journal      = {Industrial \& Engineering Chemistry Research},
  volume       = {43},
  number       = {19},
  pages	       = {6238-6246},
  year	       = {2004},
  doi	       = {10.1021/ie049580p}
}

@BOOK{Warberg2006,
  title	       = {Den termodynamiske arbeidsboken},
  year	       = {2006},
  author       = {Warberg T.H.},
  publisher    = {Kolofon},
  owner	       = {owil},
  timestamp    = {2012.08.12}
}

@TECHREPORT{Wilhelmsen2013,
  author       = {{\O}. Wilhelmsen and G. Skaugen and M. Hammer},
  number       = {DA1301},
  title	       = {Flexible thermodynamic workbench for {CCS}
                  thermodynamics - {Update} 2013.},
  institution  = {SINTEF Energy},
  year	       = {2013},
  otherinfo    = {CO2 Dynamics project}
}

@article{Wittig2003,
  author       = {Wittig, Roland and Lohmann, J{\"u}rgen and Gmehling,
                  J{\"u}rgen},
  title	       = {Vapor-Liquid Equilibria by UNIFAC Group
                  Contribution. 6. Revision and Extension},
  journal      = {Industrial \& Engineering Chemistry Research},
  volume       = {42},
  number       = {1},
  pages	       = {183-188},
  year	       = {2003},
  doi	       = {10.1021/ie020506l}
}

@article{Wong1992,
  title	       = {A Theoretically Correct Mixing Rule for Cubic
                  Equations of State},
  journal      = {AIChE Journal},
  volume       = {38},
  number       = {5},
  pages	       = {671-680},
  year	       = {1992},
  author       = {D. S. H. Wong and S. I. Sandler}
}
